<record><leader>00000cas a22000007a 4500</leader><controlfield tag="001">40703248</controlfield><controlfield tag="008">990129d19uu19uucaudn ne      0    0eng d</controlfield><datafield ind1=" " ind2=" " tag="010"><subfield code="a">sn 98061706 </subfield></datafield><datafield ind1=" " ind2=" " tag="040"><subfield code="a">CNK</subfield><subfield code="b">eng</subfield><subfield code="c">CNK</subfield><subfield code="d">OCLCQ</subfield><subfield code="d">OCLCF</subfield><subfield code="d">OCLCO</subfield></datafield><datafield ind1="1" ind2=" " tag="029"><subfield code="a">AU@</subfield><subfield code="b">000014598825</subfield></datafield><datafield ind1=" " ind2=" " tag="042"><subfield code="a">msc</subfield></datafield><datafield ind1=" " ind2=" " tag="043"><subfield code="a">n-us-ca</subfield></datafield><datafield ind1="0" ind2=" " tag="130"><subfield code="a">Evening outlook (Santa Monica, Calif. : Culver City ed.)</subfield></datafield><datafield ind1="1" ind2="0" tag="245"><subfield code="a">Evening outlook.</subfield></datafield><datafield ind1="3" ind2=" " tag="246"><subfield code="a">Culver City evening outlook</subfield></datafield><datafield ind1=" " ind2=" " tag="250"><subfield code="a">Culver City ed.</subfield></datafield><datafield ind1=" " ind2=" " tag="260"><subfield code="a">Santa Monica [Calif.] :</subfield><subfield code="b">United Western Newspapers</subfield></datafield><datafield ind1=" " ind2=" " tag="300"><subfield code="a">v.</subfield></datafield><datafield ind1=" " ind2=" " tag="310"><subfield code="a">Daily (except Sun.)</subfield></datafield><datafield ind1=" " ind2=" " tag="500"><subfield code="a">"Edition" appears in small print beneath "Culver City."</subfield></datafield><datafield ind1=" " ind2=" " tag="588"><subfield code="a">Description based on: 93rd year, 106th issue (May 2, 1968).</subfield></datafield><datafield ind1=" " ind2="0" tag="651"><subfield code="a">Culver City (Calif.)</subfield><subfield code="v">Newspapers.</subfield></datafield><datafield ind1=" " ind2="0" tag="651"><subfield code="a">Santa Monica (Calif.)</subfield><subfield code="v">Newspapers.</subfield></datafield><datafield ind1=" " ind2="7" tag="655"><subfield code="a">Newspapers.</subfield><subfield code="2">fast</subfield><subfield code="0">(OCoLC)fst01423814</subfield></datafield><datafield ind1=" " ind2="7" tag="651"><subfield code="a">California</subfield><subfield code="z">Culver City.</subfield><subfield code="2">fast</subfield><subfield code="0">(OCoLC)fst01213894</subfield></datafield><datafield ind1=" " ind2="7" tag="651"><subfield code="a">California</subfield><subfield code="z">Santa Monica.</subfield><subfield code="2">fast</subfield><subfield code="0">(OCoLC)fst01204506</subfield></datafield><datafield ind1=" " ind2=" " tag="752"><subfield code="a">United States</subfield><subfield code="b">California</subfield><subfield code="c">Los Angeles</subfield><subfield code="d">Santa Monica.</subfield></datafield><datafield ind1="0" ind2=" " tag="775"><subfield code="t">Evening outlook</subfield><subfield code="w">(DLC)sn 86002230</subfield></datafield><datafield ind1="0" ind2=" " tag="775"><subfield code="t">Evening outlook (Santa Monica, Calif. : Malibu-Topanga ed.)</subfield><subfield code="w">(DLC)sn 98061707</subfield></datafield></record>